%YAML 1.1
%TAG !u! tag:unity3d.com,2011:
--- !u!1 &4739313624317818961
GameObject:
  m_ObjectHideFlags: 0
  m_CorrespondingSourceObject: {fileID: 0}
  m_PrefabInstance: {fileID: 0}
  m_PrefabAsset: {fileID: 0}
  serializedVersion: 6
  m_Component:
  - component: {fileID: 4739313624317818960}
  - component: {fileID: 4496798738941190451}
  m_Layer: 0
  m_Name: PlayerShieldsRing
  m_TagString: Untagged
  m_Icon: {fileID: 0}
  m_NavMeshLayer: 0
  m_StaticEditorFlags: 0
  m_IsActive: 1
--- !u!4 &4739313624317818960
Transform:
  m_ObjectHideFlags: 0
  m_CorrespondingSourceObject: {fileID: 0}
  m_PrefabInstance: {fileID: 0}
  m_PrefabAsset: {fileID: 0}
  m_GameObject: {fileID: 4739313624317818961}
  m_LocalRotation: {x: 0, y: 0, z: 0, w: 1}
  m_LocalPosition: {x: 0, y: 0, z: -0.25}
  m_LocalScale: {x: 1, y: 1, z: 1}
  m_Children:
  - {fileID: 2382368811427268625}
  - {fileID: 8368071065102111656}
  - {fileID: 8368071064900621582}
  - {fileID: 8368071064659114163}
  - {fileID: 8368071065356393223}
  - {fileID: 8368071064836347688}
  - {fileID: 8368071064960844008}
  - {fileID: 8368071064662982772}
  m_Father: {fileID: 0}
  m_RootOrder: 0
  m_LocalEulerAnglesHint: {x: 0, y: 0, z: 0}
--- !u!114 &4496798738941190451
MonoBehaviour:
  m_ObjectHideFlags: 0
  m_CorrespondingSourceObject: {fileID: 0}
  m_PrefabInstance: {fileID: 0}
  m_PrefabAsset: {fileID: 0}
  m_GameObject: {fileID: 4739313624317818961}
  m_Enabled: 1
  m_EditorHideFlags: 0
  m_Script: {fileID: 11500000, guid: 71c9be3ef37d15f41a69bf52008b9280, type: 3}
  m_Name: 
  m_EditorClassIdentifier: 
  rotationSpeed: 80
  balls:
  - {fileID: 2382368811427268625}
  - {fileID: 8368071065102111656}
  - {fileID: 8368071064900621582}
  - {fileID: 8368071064659114163}
  - {fileID: 8368071065356393223}
  - {fileID: 8368071064836347688}
  - {fileID: 8368071064960844008}
  - {fileID: 8368071064662982772}
--- !u!1001 &1507561431638338515
PrefabInstance:
  m_ObjectHideFlags: 0
  serializedVersion: 2
  m_Modification:
    m_TransformParent: {fileID: 4739313624317818960}
    m_Modifications:
    - target: {fileID: 2859796453246927215, guid: 0d280ec6592a2fb4e951475cb69b2cc3,
        type: 3}
      propertyPath: m_Name
      value: Shield
      objectReference: {fileID: 0}
    - target: {fileID: 3883282576134529986, guid: 0d280ec6592a2fb4e951475cb69b2cc3,
        type: 3}
      propertyPath: m_LocalPosition.x
      value: 0
      objectReference: {fileID: 0}
    - target: {fileID: 3883282576134529986, guid: 0d280ec6592a2fb4e951475cb69b2cc3,
        type: 3}
      propertyPath: m_LocalPosition.y
      value: 0
      objectReference: {fileID: 0}
    - target: {fileID: 3883282576134529986, guid: 0d280ec6592a2fb4e951475cb69b2cc3,
        type: 3}
      propertyPath: m_LocalPosition.z
      value: 0
      objectReference: {fileID: 0}
    - target: {fileID: 3883282576134529986, guid: 0d280ec6592a2fb4e951475cb69b2cc3,
        type: 3}
      propertyPath: m_LocalRotation.x
      value: 0
      objectReference: {fileID: 0}
    - target: {fileID: 3883282576134529986, guid: 0d280ec6592a2fb4e951475cb69b2cc3,
        type: 3}
      propertyPath: m_LocalRotation.y
      value: 0
      objectReference: {fileID: 0}
    - target: {fileID: 3883282576134529986, guid: 0d280ec6592a2fb4e951475cb69b2cc3,
        type: 3}
      propertyPath: m_LocalRotation.z
      value: 0
      objectReference: {fileID: 0}
    - target: {fileID: 3883282576134529986, guid: 0d280ec6592a2fb4e951475cb69b2cc3,
        type: 3}
      propertyPath: m_LocalRotation.w
      value: 1
      objectReference: {fileID: 0}
    - target: {fileID: 3883282576134529986, guid: 0d280ec6592a2fb4e951475cb69b2cc3,
        type: 3}
      propertyPath: m_RootOrder
      value: 0
      objectReference: {fileID: 0}
    - target: {fileID: 3883282576134529986, guid: 0d280ec6592a2fb4e951475cb69b2cc3,
        type: 3}
      propertyPath: m_LocalEulerAnglesHint.x
      value: 0
      objectReference: {fileID: 0}
    - target: {fileID: 3883282576134529986, guid: 0d280ec6592a2fb4e951475cb69b2cc3,
        type: 3}
      propertyPath: m_LocalEulerAnglesHint.y
      value: 0
      objectReference: {fileID: 0}
    - target: {fileID: 3883282576134529986, guid: 0d280ec6592a2fb4e951475cb69b2cc3,
        type: 3}
      propertyPath: m_LocalEulerAnglesHint.z
      value: 0
      objectReference: {fileID: 0}
    - target: {fileID: 4630743667502381621, guid: 0d280ec6592a2fb4e951475cb69b2cc3,
        type: 3}
      propertyPath: m_Enabled
      value: 0
      objectReference: {fileID: 0}
    m_RemovedComponents: []
  m_SourcePrefab: {fileID: 100100000, guid: 0d280ec6592a2fb4e951475cb69b2cc3, type: 3}
--- !u!4 &2382368811427268625 stripped
Transform:
  m_CorrespondingSourceObject: {fileID: 3883282576134529986, guid: 0d280ec6592a2fb4e951475cb69b2cc3,
    type: 3}
  m_PrefabInstance: {fileID: 1507561431638338515}
  m_PrefabAsset: {fileID: 0}
--- !u!1001 &4739313623816545066
PrefabInstance:
  m_ObjectHideFlags: 0
  serializedVersion: 2
  m_Modification:
    m_TransformParent: {fileID: 4739313624317818960}
    m_Modifications:
    - target: {fileID: 2859796453246927215, guid: 0d280ec6592a2fb4e951475cb69b2cc3,
        type: 3}
      propertyPath: m_Name
      value: Shield (6)
      objectReference: {fileID: 0}
    - target: {fileID: 3883282576134529986, guid: 0d280ec6592a2fb4e951475cb69b2cc3,
        type: 3}
      propertyPath: m_LocalPosition.x
      value: 0
      objectReference: {fileID: 0}
    - target: {fileID: 3883282576134529986, guid: 0d280ec6592a2fb4e951475cb69b2cc3,
        type: 3}
      propertyPath: m_LocalPosition.y
      value: 0
      objectReference: {fileID: 0}
    - target: {fileID: 3883282576134529986, guid: 0d280ec6592a2fb4e951475cb69b2cc3,
        type: 3}
      propertyPath: m_LocalPosition.z
      value: 0
      objectReference: {fileID: 0}
    - target: {fileID: 3883282576134529986, guid: 0d280ec6592a2fb4e951475cb69b2cc3,
        type: 3}
      propertyPath: m_LocalRotation.x
      value: 0
      objectReference: {fileID: 0}
    - target: {fileID: 3883282576134529986, guid: 0d280ec6592a2fb4e951475cb69b2cc3,
        type: 3}
      propertyPath: m_LocalRotation.y
      value: -0
      objectReference: {fileID: 0}
    - target: {fileID: 3883282576134529986, guid: 0d280ec6592a2fb4e951475cb69b2cc3,
        type: 3}
      propertyPath: m_LocalRotation.z
      value: 0.7071068
      objectReference: {fileID: 0}
    - target: {fileID: 3883282576134529986, guid: 0d280ec6592a2fb4e951475cb69b2cc3,
        type: 3}
      propertyPath: m_LocalRotation.w
      value: -0.7071068
      objectReference: {fileID: 0}
    - target: {fileID: 3883282576134529986, guid: 0d280ec6592a2fb4e951475cb69b2cc3,
        type: 3}
      propertyPath: m_RootOrder
      value: 6
      objectReference: {fileID: 0}
    - target: {fileID: 3883282576134529986, guid: 0d280ec6592a2fb4e951475cb69b2cc3,
        type: 3}
      propertyPath: m_LocalEulerAnglesHint.x
      value: 0
      objectReference: {fileID: 0}
    - target: {fileID: 3883282576134529986, guid: 0d280ec6592a2fb4e951475cb69b2cc3,
        type: 3}
      propertyPath: m_LocalEulerAnglesHint.y
      value: 0
      objectReference: {fileID: 0}
    - target: {fileID: 3883282576134529986, guid: 0d280ec6592a2fb4e951475cb69b2cc3,
        type: 3}
      propertyPath: m_LocalEulerAnglesHint.z
      value: 270
      objectReference: {fileID: 0}
    - target: {fileID: 4630743667502381621, guid: 0d280ec6592a2fb4e951475cb69b2cc3,
        type: 3}
      propertyPath: m_Enabled
      value: 0
      objectReference: {fileID: 0}
    m_RemovedComponents: []
  m_SourcePrefab: {fileID: 100100000, guid: 0d280ec6592a2fb4e951475cb69b2cc3, type: 3}
--- !u!4 &8368071064960844008 stripped
Transform:
  m_CorrespondingSourceObject: {fileID: 3883282576134529986, guid: 0d280ec6592a2fb4e951475cb69b2cc3,
    type: 3}
  m_PrefabInstance: {fileID: 4739313623816545066}
  m_PrefabAsset: {fileID: 0}
--- !u!1001 &4739313623943655530
PrefabInstance:
  m_ObjectHideFlags: 0
  serializedVersion: 2
  m_Modification:
    m_TransformParent: {fileID: 4739313624317818960}
    m_Modifications:
    - target: {fileID: 2859796453246927215, guid: 0d280ec6592a2fb4e951475cb69b2cc3,
        type: 3}
      propertyPath: m_Name
      value: Shield (1)
      objectReference: {fileID: 0}
    - target: {fileID: 3883282576134529986, guid: 0d280ec6592a2fb4e951475cb69b2cc3,
        type: 3}
      propertyPath: m_LocalPosition.x
      value: 0
      objectReference: {fileID: 0}
    - target: {fileID: 3883282576134529986, guid: 0d280ec6592a2fb4e951475cb69b2cc3,
        type: 3}
      propertyPath: m_LocalPosition.y
      value: 0
      objectReference: {fileID: 0}
    - target: {fileID: 3883282576134529986, guid: 0d280ec6592a2fb4e951475cb69b2cc3,
        type: 3}
      propertyPath: m_LocalPosition.z
      value: 0
      objectReference: {fileID: 0}
    - target: {fileID: 3883282576134529986, guid: 0d280ec6592a2fb4e951475cb69b2cc3,
        type: 3}
      propertyPath: m_LocalRotation.x
      value: 0
      objectReference: {fileID: 0}
    - target: {fileID: 3883282576134529986, guid: 0d280ec6592a2fb4e951475cb69b2cc3,
        type: 3}
      propertyPath: m_LocalRotation.y
      value: 0
      objectReference: {fileID: 0}
    - target: {fileID: 3883282576134529986, guid: 0d280ec6592a2fb4e951475cb69b2cc3,
        type: 3}
      propertyPath: m_LocalRotation.z
      value: 0.38268343
      objectReference: {fileID: 0}
    - target: {fileID: 3883282576134529986, guid: 0d280ec6592a2fb4e951475cb69b2cc3,
        type: 3}
      propertyPath: m_LocalRotation.w
      value: 0.92387956
      objectReference: {fileID: 0}
    - target: {fileID: 3883282576134529986, guid: 0d280ec6592a2fb4e951475cb69b2cc3,
        type: 3}
      propertyPath: m_RootOrder
      value: 1
      objectReference: {fileID: 0}
    - target: {fileID: 3883282576134529986, guid: 0d280ec6592a2fb4e951475cb69b2cc3,
        type: 3}
      propertyPath: m_LocalEulerAnglesHint.x
      value: 0
      objectReference: {fileID: 0}
    - target: {fileID: 3883282576134529986, guid: 0d280ec6592a2fb4e951475cb69b2cc3,
        type: 3}
      propertyPath: m_LocalEulerAnglesHint.y
      value: 0
      objectReference: {fileID: 0}
    - target: {fileID: 3883282576134529986, guid: 0d280ec6592a2fb4e951475cb69b2cc3,
        type: 3}
      propertyPath: m_LocalEulerAnglesHint.z
      value: 45
      objectReference: {fileID: 0}
    - target: {fileID: 4630743667502381621, guid: 0d280ec6592a2fb4e951475cb69b2cc3,
        type: 3}
      propertyPath: m_Enabled
      value: 0
      objectReference: {fileID: 0}
    m_RemovedComponents: []
  m_SourcePrefab: {fileID: 100100000, guid: 0d280ec6592a2fb4e951475cb69b2cc3, type: 3}
--- !u!4 &8368071065102111656 stripped
Transform:
  m_CorrespondingSourceObject: {fileID: 3883282576134529986, guid: 0d280ec6592a2fb4e951475cb69b2cc3,
    type: 3}
  m_PrefabInstance: {fileID: 4739313623943655530}
  m_PrefabAsset: {fileID: 0}
--- !u!1001 &4739313624047166390
PrefabInstance:
  m_ObjectHideFlags: 0
  serializedVersion: 2
  m_Modification:
    m_TransformParent: {fileID: 4739313624317818960}
    m_Modifications:
    - target: {fileID: 2859796453246927215, guid: 0d280ec6592a2fb4e951475cb69b2cc3,
        type: 3}
      propertyPath: m_Name
      value: Shield (7)
      objectReference: {fileID: 0}
    - target: {fileID: 3883282576134529986, guid: 0d280ec6592a2fb4e951475cb69b2cc3,
        type: 3}
      propertyPath: m_LocalPosition.x
      value: 0
      objectReference: {fileID: 0}
    - target: {fileID: 3883282576134529986, guid: 0d280ec6592a2fb4e951475cb69b2cc3,
        type: 3}
      propertyPath: m_LocalPosition.y
      value: 0
      objectReference: {fileID: 0}
    - target: {fileID: 3883282576134529986, guid: 0d280ec6592a2fb4e951475cb69b2cc3,
        type: 3}
      propertyPath: m_LocalPosition.z
      value: 0
      objectReference: {fileID: 0}
    - target: {fileID: 3883282576134529986, guid: 0d280ec6592a2fb4e951475cb69b2cc3,
        type: 3}
      propertyPath: m_LocalRotation.x
      value: 0
      objectReference: {fileID: 0}
    - target: {fileID: 3883282576134529986, guid: 0d280ec6592a2fb4e951475cb69b2cc3,
        type: 3}
      propertyPath: m_LocalRotation.y
      value: -0
      objectReference: {fileID: 0}
    - target: {fileID: 3883282576134529986, guid: 0d280ec6592a2fb4e951475cb69b2cc3,
        type: 3}
      propertyPath: m_LocalRotation.z
      value: 0.3826836
      objectReference: {fileID: 0}
    - target: {fileID: 3883282576134529986, guid: 0d280ec6592a2fb4e951475cb69b2cc3,
        type: 3}
      propertyPath: m_LocalRotation.w
      value: -0.92387944
      objectReference: {fileID: 0}
    - target: {fileID: 3883282576134529986, guid: 0d280ec6592a2fb4e951475cb69b2cc3,
        type: 3}
      propertyPath: m_RootOrder
      value: 7
      objectReference: {fileID: 0}
    - target: {fileID: 3883282576134529986, guid: 0d280ec6592a2fb4e951475cb69b2cc3,
        type: 3}
      propertyPath: m_LocalEulerAnglesHint.x
      value: 0
      objectReference: {fileID: 0}
    - target: {fileID: 3883282576134529986, guid: 0d280ec6592a2fb4e951475cb69b2cc3,
        type: 3}
      propertyPath: m_LocalEulerAnglesHint.y
      value: 0
      objectReference: {fileID: 0}
    - target: {fileID: 3883282576134529986, guid: 0d280ec6592a2fb4e951475cb69b2cc3,
        type: 3}
      propertyPath: m_LocalEulerAnglesHint.z
      value: 315
      objectReference: {fileID: 0}
    - target: {fileID: 4630743667502381621, guid: 0d280ec6592a2fb4e951475cb69b2cc3,
        type: 3}
      propertyPath: m_Enabled
      value: 0
      objectReference: {fileID: 0}
    m_RemovedComponents: []
  m_SourcePrefab: {fileID: 100100000, guid: 0d280ec6592a2fb4e951475cb69b2cc3, type: 3}
--- !u!4 &8368071064662982772 stripped
Transform:
  m_CorrespondingSourceObject: {fileID: 3883282576134529986, guid: 0d280ec6592a2fb4e951475cb69b2cc3,
    type: 3}
  m_PrefabInstance: {fileID: 4739313624047166390}
  m_PrefabAsset: {fileID: 0}
--- !u!1001 &4739313624052226929
PrefabInstance:
  m_ObjectHideFlags: 0
  serializedVersion: 2
  m_Modification:
    m_TransformParent: {fileID: 4739313624317818960}
    m_Modifications:
    - target: {fileID: 2859796453246927215, guid: 0d280ec6592a2fb4e951475cb69b2cc3,
        type: 3}
      propertyPath: m_Name
      value: Shield (3)
      objectReference: {fileID: 0}
    - target: {fileID: 3883282576134529986, guid: 0d280ec6592a2fb4e951475cb69b2cc3,
        type: 3}
      propertyPath: m_LocalPosition.x
      value: 0
      objectReference: {fileID: 0}
    - target: {fileID: 3883282576134529986, guid: 0d280ec6592a2fb4e951475cb69b2cc3,
        type: 3}
      propertyPath: m_LocalPosition.y
      value: 0
      objectReference: {fileID: 0}
    - target: {fileID: 3883282576134529986, guid: 0d280ec6592a2fb4e951475cb69b2cc3,
        type: 3}
      propertyPath: m_LocalPosition.z
      value: 0
      objectReference: {fileID: 0}
    - target: {fileID: 3883282576134529986, guid: 0d280ec6592a2fb4e951475cb69b2cc3,
        type: 3}
      propertyPath: m_LocalRotation.x
      value: 0
      objectReference: {fileID: 0}
    - target: {fileID: 3883282576134529986, guid: 0d280ec6592a2fb4e951475cb69b2cc3,
        type: 3}
      propertyPath: m_LocalRotation.y
      value: 0
      objectReference: {fileID: 0}
    - target: {fileID: 3883282576134529986, guid: 0d280ec6592a2fb4e951475cb69b2cc3,
        type: 3}
      propertyPath: m_LocalRotation.z
      value: 0.92387956
      objectReference: {fileID: 0}
    - target: {fileID: 3883282576134529986, guid: 0d280ec6592a2fb4e951475cb69b2cc3,
        type: 3}
      propertyPath: m_LocalRotation.w
      value: 0.38268343
      objectReference: {fileID: 0}
    - target: {fileID: 3883282576134529986, guid: 0d280ec6592a2fb4e951475cb69b2cc3,
        type: 3}
      propertyPath: m_RootOrder
      value: 3
      objectReference: {fileID: 0}
    - target: {fileID: 3883282576134529986, guid: 0d280ec6592a2fb4e951475cb69b2cc3,
        type: 3}
      propertyPath: m_LocalEulerAnglesHint.x
      value: 0
      objectReference: {fileID: 0}
    - target: {fileID: 3883282576134529986, guid: 0d280ec6592a2fb4e951475cb69b2cc3,
        type: 3}
      propertyPath: m_LocalEulerAnglesHint.y
      value: 0
      objectReference: {fileID: 0}
    - target: {fileID: 3883282576134529986, guid: 0d280ec6592a2fb4e951475cb69b2cc3,
        type: 3}
      propertyPath: m_LocalEulerAnglesHint.z
      value: 135
      objectReference: {fileID: 0}
    - target: {fileID: 4630743667502381621, guid: 0d280ec6592a2fb4e951475cb69b2cc3,
        type: 3}
      propertyPath: m_Enabled
      value: 0
      objectReference: {fileID: 0}
    m_RemovedComponents: []
  m_SourcePrefab: {fileID: 100100000, guid: 0d280ec6592a2fb4e951475cb69b2cc3, type: 3}
--- !u!4 &8368071064659114163 stripped
Transform:
  m_CorrespondingSourceObject: {fileID: 3883282576134529986, guid: 0d280ec6592a2fb4e951475cb69b2cc3,
    type: 3}
  m_PrefabInstance: {fileID: 4739313624052226929}
  m_PrefabAsset: {fileID: 0}
--- !u!1001 &4739313624210601194
PrefabInstance:
  m_ObjectHideFlags: 0
  serializedVersion: 2
  m_Modification:
    m_TransformParent: {fileID: 4739313624317818960}
    m_Modifications:
    - target: {fileID: 2859796453246927215, guid: 0d280ec6592a2fb4e951475cb69b2cc3,
        type: 3}
      propertyPath: m_Name
      value: Shield (5)
      objectReference: {fileID: 0}
    - target: {fileID: 3883282576134529986, guid: 0d280ec6592a2fb4e951475cb69b2cc3,
        type: 3}
      propertyPath: m_LocalPosition.x
      value: 0
      objectReference: {fileID: 0}
    - target: {fileID: 3883282576134529986, guid: 0d280ec6592a2fb4e951475cb69b2cc3,
        type: 3}
      propertyPath: m_LocalPosition.y
      value: 0
      objectReference: {fileID: 0}
    - target: {fileID: 3883282576134529986, guid: 0d280ec6592a2fb4e951475cb69b2cc3,
        type: 3}
      propertyPath: m_LocalPosition.z
      value: 0
      objectReference: {fileID: 0}
    - target: {fileID: 3883282576134529986, guid: 0d280ec6592a2fb4e951475cb69b2cc3,
        type: 3}
      propertyPath: m_LocalRotation.x
      value: 0
      objectReference: {fileID: 0}
    - target: {fileID: 3883282576134529986, guid: 0d280ec6592a2fb4e951475cb69b2cc3,
        type: 3}
      propertyPath: m_LocalRotation.y
      value: -0
      objectReference: {fileID: 0}
    - target: {fileID: 3883282576134529986, guid: 0d280ec6592a2fb4e951475cb69b2cc3,
        type: 3}
      propertyPath: m_LocalRotation.z
      value: 0.9238796
      objectReference: {fileID: 0}
    - target: {fileID: 3883282576134529986, guid: 0d280ec6592a2fb4e951475cb69b2cc3,
        type: 3}
      propertyPath: m_LocalRotation.w
      value: -0.38268325
      objectReference: {fileID: 0}
    - target: {fileID: 3883282576134529986, guid: 0d280ec6592a2fb4e951475cb69b2cc3,
        type: 3}
      propertyPath: m_RootOrder
      value: 5
      objectReference: {fileID: 0}
    - target: {fileID: 3883282576134529986, guid: 0d280ec6592a2fb4e951475cb69b2cc3,
        type: 3}
      propertyPath: m_LocalEulerAnglesHint.x
      value: 0
      objectReference: {fileID: 0}
    - target: {fileID: 3883282576134529986, guid: 0d280ec6592a2fb4e951475cb69b2cc3,
        type: 3}
      propertyPath: m_LocalEulerAnglesHint.y
      value: 0
      objectReference: {fileID: 0}
    - target: {fileID: 3883282576134529986, guid: 0d280ec6592a2fb4e951475cb69b2cc3,
        type: 3}
      propertyPath: m_LocalEulerAnglesHint.z
      value: 225
      objectReference: {fileID: 0}
    - target: {fileID: 4630743667502381621, guid: 0d280ec6592a2fb4e951475cb69b2cc3,
        type: 3}
      propertyPath: m_Enabled
      value: 0
      objectReference: {fileID: 0}
    m_RemovedComponents: []
  m_SourcePrefab: {fileID: 100100000, guid: 0d280ec6592a2fb4e951475cb69b2cc3, type: 3}
--- !u!4 &8368071064836347688 stripped
Transform:
  m_CorrespondingSourceObject: {fileID: 3883282576134529986, guid: 0d280ec6592a2fb4e951475cb69b2cc3,
    type: 3}
  m_PrefabInstance: {fileID: 4739313624210601194}
  m_PrefabAsset: {fileID: 0}
--- !u!1001 &4739313624279299788
PrefabInstance:
  m_ObjectHideFlags: 0
  serializedVersion: 2
  m_Modification:
    m_TransformParent: {fileID: 4739313624317818960}
    m_Modifications:
    - target: {fileID: 2859796453246927215, guid: 0d280ec6592a2fb4e951475cb69b2cc3,
        type: 3}
      propertyPath: m_Name
      value: Shield (2)
      objectReference: {fileID: 0}
    - target: {fileID: 3883282576134529986, guid: 0d280ec6592a2fb4e951475cb69b2cc3,
        type: 3}
      propertyPath: m_LocalPosition.x
      value: 0
      objectReference: {fileID: 0}
    - target: {fileID: 3883282576134529986, guid: 0d280ec6592a2fb4e951475cb69b2cc3,
        type: 3}
      propertyPath: m_LocalPosition.y
      value: 0
      objectReference: {fileID: 0}
    - target: {fileID: 3883282576134529986, guid: 0d280ec6592a2fb4e951475cb69b2cc3,
        type: 3}
      propertyPath: m_LocalPosition.z
      value: 0
      objectReference: {fileID: 0}
    - target: {fileID: 3883282576134529986, guid: 0d280ec6592a2fb4e951475cb69b2cc3,
        type: 3}
      propertyPath: m_LocalRotation.x
      value: 0
      objectReference: {fileID: 0}
    - target: {fileID: 3883282576134529986, guid: 0d280ec6592a2fb4e951475cb69b2cc3,
        type: 3}
      propertyPath: m_LocalRotation.y
      value: 0
      objectReference: {fileID: 0}
    - target: {fileID: 3883282576134529986, guid: 0d280ec6592a2fb4e951475cb69b2cc3,
        type: 3}
      propertyPath: m_LocalRotation.z
      value: 0.7071068
      objectReference: {fileID: 0}
    - target: {fileID: 3883282576134529986, guid: 0d280ec6592a2fb4e951475cb69b2cc3,
        type: 3}
      propertyPath: m_LocalRotation.w
      value: 0.7071068
      objectReference: {fileID: 0}
    - target: {fileID: 3883282576134529986, guid: 0d280ec6592a2fb4e951475cb69b2cc3,
        type: 3}
      propertyPath: m_RootOrder
      value: 2
      objectReference: {fileID: 0}
    - target: {fileID: 3883282576134529986, guid: 0d280ec6592a2fb4e951475cb69b2cc3,
        type: 3}
      propertyPath: m_LocalEulerAnglesHint.x
      value: 0
      objectReference: {fileID: 0}
    - target: {fileID: 3883282576134529986, guid: 0d280ec6592a2fb4e951475cb69b2cc3,
        type: 3}
      propertyPath: m_LocalEulerAnglesHint.y
      value: 0
      objectReference: {fileID: 0}
    - target: {fileID: 3883282576134529986, guid: 0d280ec6592a2fb4e951475cb69b2cc3,
        type: 3}
      propertyPath: m_LocalEulerAnglesHint.z
      value: 90
      objectReference: {fileID: 0}
    - target: {fileID: 4630743667502381621, guid: 0d280ec6592a2fb4e951475cb69b2cc3,
        type: 3}
      propertyPath: m_Enabled
      value: 0
      objectReference: {fileID: 0}
    m_RemovedComponents: []
  m_SourcePrefab: {fileID: 100100000, guid: 0d280ec6592a2fb4e951475cb69b2cc3, type: 3}
--- !u!4 &8368071064900621582 stripped
Transform:
  m_CorrespondingSourceObject: {fileID: 3883282576134529986, guid: 0d280ec6592a2fb4e951475cb69b2cc3,
    type: 3}
  m_PrefabInstance: {fileID: 4739313624279299788}
  m_PrefabAsset: {fileID: 0}
--- !u!1001 &4739313625804355781
PrefabInstance:
  m_ObjectHideFlags: 0
  serializedVersion: 2
  m_Modification:
    m_TransformParent: {fileID: 4739313624317818960}
    m_Modifications:
    - target: {fileID: 2859796453246927215, guid: 0d280ec6592a2fb4e951475cb69b2cc3,
        type: 3}
      propertyPath: m_Name
      value: Shield (4)
      objectReference: {fileID: 0}
    - target: {fileID: 3883282576134529986, guid: 0d280ec6592a2fb4e951475cb69b2cc3,
        type: 3}
      propertyPath: m_LocalPosition.x
      value: 0
      objectReference: {fileID: 0}
    - target: {fileID: 3883282576134529986, guid: 0d280ec6592a2fb4e951475cb69b2cc3,
        type: 3}
      propertyPath: m_LocalPosition.y
      value: 0
      objectReference: {fileID: 0}
    - target: {fileID: 3883282576134529986, guid: 0d280ec6592a2fb4e951475cb69b2cc3,
        type: 3}
      propertyPath: m_LocalPosition.z
      value: 0
      objectReference: {fileID: 0}
    - target: {fileID: 3883282576134529986, guid: 0d280ec6592a2fb4e951475cb69b2cc3,
        type: 3}
      propertyPath: m_LocalRotation.x
      value: 0
      objectReference: {fileID: 0}
    - target: {fileID: 3883282576134529986, guid: 0d280ec6592a2fb4e951475cb69b2cc3,
        type: 3}
      propertyPath: m_LocalRotation.y
      value: 0
      objectReference: {fileID: 0}
    - target: {fileID: 3883282576134529986, guid: 0d280ec6592a2fb4e951475cb69b2cc3,
        type: 3}
      propertyPath: m_LocalRotation.z
      value: 1
      objectReference: {fileID: 0}
    - target: {fileID: 3883282576134529986, guid: 0d280ec6592a2fb4e951475cb69b2cc3,
        type: 3}
      propertyPath: m_LocalRotation.w
      value: 0
      objectReference: {fileID: 0}
    - target: {fileID: 3883282576134529986, guid: 0d280ec6592a2fb4e951475cb69b2cc3,
        type: 3}
      propertyPath: m_RootOrder
      value: 4
      objectReference: {fileID: 0}
    - target: {fileID: 3883282576134529986, guid: 0d280ec6592a2fb4e951475cb69b2cc3,
        type: 3}
      propertyPath: m_LocalEulerAnglesHint.x
      value: 0
      objectReference: {fileID: 0}
    - target: {fileID: 3883282576134529986, guid: 0d280ec6592a2fb4e951475cb69b2cc3,
        type: 3}
      propertyPath: m_LocalEulerAnglesHint.y
      value: 0
      objectReference: {fileID: 0}
    - target: {fileID: 3883282576134529986, guid: 0d280ec6592a2fb4e951475cb69b2cc3,
        type: 3}
      propertyPath: m_LocalEulerAnglesHint.z
      value: 180
      objectReference: {fileID: 0}
    - target: {fileID: 4630743667502381621, guid: 0d280ec6592a2fb4e951475cb69b2cc3,
        type: 3}
      propertyPath: m_Enabled
      value: 0
      objectReference: {fileID: 0}
    m_RemovedComponents: []
  m_SourcePrefab: {fileID: 100100000, guid: 0d280ec6592a2fb4e951475cb69b2cc3, type: 3}
--- !u!4 &8368071065356393223 stripped
Transform:
  m_CorrespondingSourceObject: {fileID: 3883282576134529986, guid: 0d280ec6592a2fb4e951475cb69b2cc3,
    type: 3}
  m_PrefabInstance: {fileID: 4739313625804355781}
  m_PrefabAsset: {fileID: 0}
